% references for subgradient methods

@book{BoV:04,
 author = {S. Boyd and L. Vandenberghe},
 title = {Convex Optimization},
 publisher = {Cambridge University Press},
 year = 2004
}

@book{B:78,
  added-at = {2013-07-11T11:56:03.000+0200},
  address = {Tokyo},
  author = {Bracewell, R.N.},
  biburl = {https://www.bibsonomy.org/bibtex/2fb976ae41522f8450ede91045a4d043c/jehiorns},
  edition = {Second},
  keywords = {Fourier cross-correlation},
  publisher = {McGraw-Hill},
  title = {The {F}ourier Transform and its Applications},
  year = 1978
}

@book{O:17,
author = {Osgood, B.},
title = {Lectures on the {F}ourier Transform and its Applications},
year=2017,
edition={First},
publisher = {McGraw Hill}
}

@incollection{RSA:15,
title = {Spectral Representations for Convolutional Neural Networks},
author = {Rippel, O. and Snoek, J. and Adams, R. P.},
booktitle = {Advances in Neural Information Processing Systems 28},
pages = {2449--2457},
year = {2015},
url = {http://papers.nips.cc/paper/5649-spectral-representations-for-convolutional-neural-networks.pdf},
publisher={MIT Press}
}

@inproceedings{LBBH:98,
    author = {Lecun, Y. and Bottou, L. and Bengio, Y. and Haffner, P.},
    title = {Gradient-based learning applied to document recognition},
    booktitle = {Proceedings of the IEEE},
    year = {1998},
    pages = {2278--2324}
}

@book{DG:10,
 author = {Gray, R. and Davisson, L.},
 title = {An Introduction to Statistical Signal Processing},
 year = {2010},
 isbn = {0521131820, 9780521131827},
 edition = {1st},
 publisher = {Cambridge University Press},
 address = {New York, NY, USA},
}

@article{CT:65,
  author = {Cooley, J. and Tukey, J.},
  journal = {Mathematics of Computation},
  number = 90,
  pages = {297-301},
  title = {An Algorithm for the Machine Calculation of Complex Fourier Series},
  volume = 19,
  year = 1965
}
@book{OS:99,
 author = {Oppenheim, A. V. and Schafer, R. W. and Buck, J. R.},
 title = {Discrete-time Signal Processing},
 year = {1999},
 isbn = {0-13-754920-2},
 publisher = {Prentice-Hall, Inc.},
 address = {Upper Saddle River, NJ, USA},
} 
@book{S:00,
 author = {Stergiopoulos, S.},
 title = {Advanced Signal Processing Handbook: Theory and Implementation for Radar, Sonar, and Medical Imaging Real-Time Systems},
 year = {2000},
 isbn = {0849336910},
 edition = {1st},
 publisher = {CRC Press, Inc.},
 address = {Boca Raton, FL, USA},
} 

@book{G:96,
  title={Introduction to Fourier Optics},
  author={Goodman, J.W.},
  isbn={9780070242548},
  lccn={95082033},
  series={McGraw-Hill Series in Electrical and Computer Engineering: Communications and Signal Processing},
  url={https://books.google.com/books?id=QllRAAAAMAAJ},
  year={1996},
  publisher={McGraw-Hill}
}

@ARTICLE{D:06,
    author = {D. L. Donoho},
    title = {Compressed sensing},
    journal = {IEEE Transactions on Information Theory},
    year = {2006},
    volume = {52},
    pages = {1289--1306}
}

@ARTICLE{ANR:74, 
author={N. Ahmed and T. Natarajan and K. R. Rao}, 
journal={IEEE Transactions on Computers}, 
title={Discrete Cosine Transform}, 
year={1974}, 
volume={C-23}, 
number={1}, 
pages={90-93},  
ISSN={0018-9340}, 
month={Jan}
}

@ARTICLE{YL:95, 
author={B. Yeo and B. Liu}, 
journal={IEEE Transactions on Visualization and Computer Graphics}, 
title={Volume rendering of {DCT}-based compressed 3D scalar data}, 
year={1995}, 
volume={1}, 
number={1}, 
pages={29-43},  
doi={10.1109/2945.468390}, 
ISSN={1077-2626}, 
month={Mar}
}

@book{D:07,
  author = {Deans, S. R.},
  title = {The Radon Transform and Some of Its Applications},
  publisher = {Dover Publications},
  year = {2007},
  address = {Mineola, N.Y},
}

@book{M:08,
 author = {Mallat, S.},
 title = {A Wavelet Tour of Signal Processing, Third Edition: The Sparse Way},
 year = {2008},
 isbn = {0123743702, 9780123743701},
 edition = {3rd},
 publisher = {Academic Press},
} 

@Misc{NUMPY,
  author =    {T. Oliphant},
  title =     {{NumPy}: Open source scientific computing for {Python}},
  year =      {2006--},
  url = "www.numpy.org",
  note = {[Online. \url{www.numpy.org}]}
}
@Misc{SCIPY,
  author =    {Eric Jones and Travis Oliphant and Pearu Peterson and others},
  title =     {{SciPy}: Open source scientific tools for {Python}},
  year =      {2001--},
  url = "http://www.scipy.org/",
  note = {[Online; \url{https://www.scipy.org}]}
}
@misc{TENSORFLOW,
title={ {TensorFlow}: Large-Scale Machine Learning on Heterogeneous Systems},
url={https://www.tensorflow.org/},
note={Software available from \url{https://www.tensorflow.org}},
author={
    Mart\'{\i}n~Abadi and
    Ashish~Agarwal and
    Paul~Barham and
    Eugene~Brevdo and
    Zhifeng~Chen and
    Craig~Citro and
    Greg~S.~Corrado and
    Andy~Davis and
    Jeffrey~Dean and
    Matthieu~Devin and
    Sanjay~Ghemawat and
    Ian~Goodfellow and
    Andrew~Harp and
    Geoffrey~Irving and
    Michael~Isard and
    Yangqing Jia and
    Rafal~Jozefowicz and
    Lukasz~Kaiser and
    Manjunath~Kudlur and
    Josh~Levenberg and
    Dandelion~Man\'{e} and
    Rajat~Monga and
    Sherry~Moore and
    Derek~Murray and
    Chris~Olah and
    Mike~Schuster and
    Jonathon~Shlens and
    Benoit~Steiner and
    Ilya~Sutskever and
    Kunal~Talwar and
    Paul~Tucker and
    Vincent~Vanhoucke and
    Vijay~Vasudevan and
    Fernanda~Vi\'{e}gas and
    Oriol~Vinyals and
    Pete~Warden and
    Martin~Wattenberg and
    Martin~Wicke and
    Yuan~Yu and
    Xiaoqiang~Zheng},
  year={2015},
}